@misc{coursera,
  key = {android},
  title = {Cirad},
  note = {\url{https://reunion-mayotte.cirad.fr/}}
}


@misc{postgresql,
  key = {android},
  title = {postgresql},
  note = {\url{https://www.postgresql.org/}}
}

@misc{github,
  key = {android},
  title = {github},
  note = {\url{https://github.com/IsmaelSaid/TER}}
}



